@article{Schmitz2021,
author = {Schmitz, Daniel and Ek, Weronica E and Berggren, Elin and H{\"{o}}glund, Julia and Karlsson, Torgny and Johansson, {\AA}sa},
doi = {10.1210/clinem/dgab507},
file = {:Users/dansc755/Library/Application Support/Mendeley Desktop/Downloaded/Schmitz et al. - 2021 - Genome-wide Association Study of Estradiol Levels and the Causal Effect of Estradiol on Bone Mineral Density.pdf:pdf},
issn = {0021-972X},
journal = {The Journal of Clinical Endocrinology \& Metabolism},
month = {jul},
pages = {1--16},
publisher = {The Endocrine Society},
title = {{Genome-wide Association Study of Estradiol Levels and the Causal Effect of Estradiol on Bone Mineral Density}},
url = {https://academic.oup.com/jcem/advance-article/doi/10.1210/clinem/dgab507/6320117},
volume = {XX},
year = {2021}
}
